@book{perceptron,
    author = {Rosenblatt, F.},
    citeulike-article-id = {507136},
    keywords = {bibtex-import},
    posted-at = {2006-02-16 14:21:02},
    priority = {2},
    publisher = {Spartan Book},
    title = {{Principles of Neurodynamics}},
    year = {1962}
}

@book{knn,
	author = {Larose, Daniel T.},
	title = {Discovering Knowledge in Data: An Introduction to Data Mining},
	year = {2004},
	isbn = {0471666572},
	publisher = {Wiley-Interscience},
} 

@misc{python.org,
	title = {Python.org},
	howpublished = {https://www.python.org/},
	note = {Accessado em: 30/10/2015}
}

@misc{git,
	title = {GitHub - vitordeatorreao/lista3rp},
	howpublished = {https://github.com/vitordeatorreao/lista3rp},
	note = {Accessado em: 30/10/2015}
}